@article{citeneeded,
  title={Citation Needed},
  author={CitationNeeded},
  journal={---},
  volume={0},
  number={0},
  pages={0},
  year={1970},
  publisher={CitationNeeded}
}

@article{frey2007clustering,
  title={Clustering by passing messages between data points},
  author={Frey, Brendan J and Dueck, Delbert},
  journal={science},
  volume={315},
  number={5814},
  pages={972--976},
  year={2007},
  publisher={American Association for the Advancement of Science}
}

@book{kaufman2009finding,
  title={Finding groups in data: an introduction to cluster analysis},
  author={Kaufman, Leonard and Rousseeuw, Peter J},
  volume={344},
  year={2009},
  publisher={John Wiley \& Sons}
}

@article{wang2008adaptive,
  title={Adaptive affinity propagation clustering},
  author={Wang, Kaijun and Zhang, Junying and Li, Dan and Zhang, Xinna and Guo, Tao},
  journal={arXiv preprint arXiv:0805.1096},
  year={2008}
}

@article{vlasblom2009markov,
  title={Markov clustering versus affinity propagation for the partitioning of protein interaction graphs},
  author={Vlasblom, James and Wodak, Shoshana J},
  journal={BMC bioinformatics},
  volume={10},
  number={1},
  pages={99},
  year={2009},
  publisher={BioMed Central}
}

@article{tian2013fingerprint,
  title={Fingerprint indoor positioning algorithm based on affinity propagation clustering},
  author={Tian, Zengshan and Tang, Xiaomou and Zhou, Mu and Tan, Zuohong},
  journal={EURASIP Journal on Wireless Communications and Networking},
  volume={2013},
  number={1},
  pages={272},
  year={2013},
  publisher={SpringerOpen}
}

@inproceedings{fujiwara2011fast,
  title={Fast algorithm for affinity propagation},
  author={Fujiwara, Yasuhiro and Irie, Go and Kitahara, Tomoe},
  booktitle={Twenty-Second International Joint Conference on Artificial Intelligence},
  year={2011}
}

@article{el2015optimization,
  title={Optimization of traveling salesman problem using affinity propagation clustering and genetic algorithm},
  author={El-Samak, Ahmad Fouad and Ashour, Wesam},
  journal={Journal of Artificial Intelligence and Soft Computing Research},
  volume={5},
  number={4},
  pages={239--245},
  year={2015},
  publisher={De Gruyter Open}
}

@article{ROUSSEEUW198753,
  title ={Silhouettes: A graphical aid to the interpretation and validation of cluster analysis},
  journal = {Journal of Computational and Applied Mathematics},
  volume = {20},
  pages = {53 - 65},
  year = {1987},
  issn = {0377-0427},
  doi = {https://doi.org/10.1016/0377-0427(87)90125-7},
  url = {http://www.sciencedirect.com/science/article/pii/0377042787901257},
  author = {Peter J. Rousseeuw},
  keywords = {Graphical display, cluster analysis, clustering validity, classification},
 }

 @book{hartigan1975clustering,
  title={Clustering algorithms},
  author={Hartigan, John A},
  year={1975},
  publisher={John Wiley \& Sons, Inc.}
}